@book{brian_rose_2005,
    author         = {Brian Rose},
    date           = {2005},
    title          = {Othello: A Minute to Learn, A Lifetime to Master},
    year           = {2005},
    url            = {https://www.ffothello.org/livres/othello-book-Brian-Rose.pdf},
}

@online{optimisations,
    author         = {Tristan Cazenave},
    title          = {Des Optimisations de l'Alpha-Beta},
    year           = {2009},
    url            = {https://www.lamsade.dauphine.fr/~cazenave/papers/berder00.pdf},
    urldate      = {2024-04-13},
}

@article{Liskowski_2018,
   title={Learning to Play Othello With Deep Neural Networks},
   volume={10},
   ISSN={2475-1510},
   url={http://dx.doi.org/10.1109/TG.2018.2799997},
   DOI={10.1109/tg.2018.2799997},
   number={4},
   journal={IEEE Transactions on Games},
   publisher={Institute of Electrical and Electronics Engineers (IEEE)},
   author={Liskowski, Pawel and Jaskowski, Wojciech and Krawiec, Krzysztof},
   year={2018},
   month=dec, pages={354â€“364} }
